@techreport{xunit,
	author = {Beck, Kent},
	citeulike-article-id = {9645825},
	citeulike-linkout-0 = {http://www.xprogramming.com/testfram.htm},
	institution = {First Class Software, Inc.},
	keywords = {0\_software\_quality, 0\_tests, 0\_unit\_testing},
	posted-at = {2011-08-11 23:18:36},
	priority = {2},
title = {{Simple Smalltalk Testing: With Patterns}},
	url = {http://www.xprogramming.com/testfram.htm},
	year = {1989}
}

@book{black,
	author = {Beizer, Boris},
	title = {Black-box testing: techniques for functional testing of software and systems},
	year = {1995},
	isbn = {0-471-12094-4},
	publisher = {John Wiley \& Sons, Inc.},
	address = {New York, NY, USA},
} 

@article{dataflow,
	author = {S. Rapps and E.J. Weyuker},
	title = {Selecting Software Test Data Using Data Flow Information},
	journal ={IEEE Transactions on Software Engineering},
	volume = {11},
	issn = {0098-5589},
	year = {1985},
	pages = {367-375},
	doi = {http://doi.ieeecomputersociety.org/10.1109/TSE.1985.232226},
	publisher = {IEEE Computer Society},
	address = {Los Alamitos, CA, USA},
}

@book{stt,
	author = {Beizer, Boris},
	title = {Software testing techniques (2nd ed.)},
	year = {1990},
	isbn = {0-442-20672-0},
	publisher = {Van Nostrand Reinhold Co.},
	address = {New York, NY, USA}
} 

@book{Roper1994,
	author = {Marc Roper},
	publisher = {McGraw-Hill},
	series = {The International Software Engineering Series},
	title = {Software Testing},
	year = 1994,
	keywords = {imported},
	isbn = {0-07-707466-1},
}

@article{Ntafos:1988:CST:630792.631017,
	author = {Ntafos, S. C.},
	title = {A Comparison of Some Structural Testing Strategies},
	journal = {IEEE Trans. Softw. Eng.},
	volume = {14},
	issue = {6},
	month = {June},
	year = {1988},
	issn = {0098-5589},
	pages = {868--874},
	doi = {http://dx.doi.org/10.1109/32.6165},
	acmid = {631017},
	publisher = {IEEE Press},
	address = {Piscataway, NJ, USA},
	keywords = {program testing, programming theory, structural testing, structured programming},
}

@inbook{infeasible,
	title={Computers, software engineering, and digital devices},
	author={Dorf, R.C.},
	number={v. 4},
	pages={15},
	chapter={12},
	isbn={9780849373404},
	lccn={2005054349},
	series={The Electrical Engineering Handbook},
	url={http://books.google.com/books?id=U57RpAaMKgAC},
	year={2006},
	publisher={CRC/Taylor \& Francis}
}

@article{Frankl:1988:AFD:53064.53075,
	author = {Frankl, P. G. and Weyuker, E. J.},
	title = {An Applicable Family of Data Flow Testing Criteria},
	journal = {IEEE Trans. Softw. Eng.},
	volume = {14},
	issue = {10},
	month = {October},
	year = {1988},
	issn = {0098-5589},
	pages = {1483--1498},
	numpages = {16},
	url = {http://dl.acm.org/citation.cfm?id=53064.53075},
	doi = {10.1109/32.6194},
	acmid = {53075},
	publisher = {IEEE Press},
	address = {Piscataway, NJ, USA},
	keywords = {ASSET, Pascal, adequacy criteria, data flow testing, definition-use associations, program testing, software reliability},
}


@inbook{miller,
	author={Miller, F.},
	year={1981},
	pages={4--16},
	series={Tutorial: Software Testing and Validation Techniques},
	title={Introduction to Software Testing Technology},
	publisher={IEEE Computer Society Press}
}

@article{Yang:2011:FUB:1993316.1993532,
	author = {Yang, Xuejun and Chen, Yang and Eide, Eric and Regehr, John},
	title = {Finding and understanding bugs in C compilers},
	journal = {SIGPLAN Not.},
	issue_date = {June 2011},
	volume = {46},
	issue = {6},
	month = {June},
	year = {2011},
	issn = {0362-1340},
	pages = {283--294},
	numpages = {12},
	url = {http://doi.acm.org/10.1145/1993316.1993532},
	doi = {http://doi.acm.org/10.1145/1993316.1993532},
	acmid = {1993532},
	publisher = {ACM},
	address = {New York, NY, USA},
	keywords = {automated testing, compiler defect, compiler testing, random program generation, random testing},
} 

@inproceedings{Yang:2011:FUB:1993498.1993532,
	author = {Yang, Xuejun and Chen, Yang and Eide, Eric and Regehr, John},
	title = {Finding and understanding bugs in C compilers},
	booktitle = {Proceedings of the 32nd ACM SIGPLAN conference on Programming language design and implementation},
	series = {PLDI '11},
	year = {2011},
	isbn = {978-1-4503-0663-8},
	location = {San Jose, California, USA},
	pages = {283--294},
	numpages = {12},
	url = {http://doi.acm.org/10.1145/1993498.1993532},
	doi = {http://doi.acm.org/10.1145/1993498.1993532},
	acmid = {1993532},
	publisher = {ACM},
	address = {New York, NY, USA},
	keywords = {automated testing, compiler defect, compiler testing, random program generation, random testing},
	}
@article{testera,
	author = {Khurshid, Sarfraz and Marinov, Darko},
	title = {TestEra: Specification-Based Testing of Java Programs Using SAT},
	journal = {Automated Software Engg.},
	volume = {11},
	issue = {4},
	month = {October},
	year = {2004},
	issn = {0928-8910},
	pages = {403--434},
	numpages = {32},
	url = {http://dl.acm.org/citation.cfm?id=1015977.1015993},
	doi = {10.1023/B:AUSE.0000038938.10589.b9},
	acmid = {1015993},
	publisher = {Kluwer Academic Publishers},
	address = {Hingham, MA, USA},
	keywords = {Alloy, Java testing, SAT enumeration, TestEra, automated test generation, software testing, specification-based testing},
	}
@INPROCEEDINGS{Horcher95improvingsoftware,
	author = {Hans-Martin Horcher},
	title = {Improving Software Tests using Z Specifications},
	booktitle = {In Proc. 9th International Conference of Z Users, The Z Formal Specification Notation},
	year = {1995},
	pages = {152--166},
	publisher = {Springer-Verlag}
	}
@article{Stocks:1996:FST:239916.239918,
	author = {Stocks, Phil and Carrington, David},
	title = {A Framework for Specification-Based Testing},
	journal = {IEEE Trans. Softw. Eng.},
	volume = {22},
	issue = {11},
	month = {November},
	year = {1996},
	issn = {0098-5589},
	pages = {777--793},
	url = {http://dl.acm.org/citation.cfm?id=239916.239918},
	publisher = {IEEE Press},
	address = {Piscataway, NJ, USA},
	keywords = {Specification-based testing, testing strategies, test data, test oracles, Z notation.},
	} 
@inproceedings{Offutt:1999:GTU:1767297.1767341,
	author = {Offutt, Jeff and Abdurazik, Aynur},
	title = {Generating tests from UML specifications},
	booktitle = {Proceedings of the 2nd international conference on The unified modeling language: beyond the standard},
	series = {UML'99},
	year = {1999},
	isbn = {3-540-66712-1},
	location = {Fort Collins, CO, USA},
	pages = {416--429},
	numpages = {14},
	url = {http://dl.acm.org/citation.cfm?id=1767297.1767341},
	acmid = {1767341},
	publisher = {Springer-Verlag},
	address = {Berlin, Heidelberg},
	} 
@misc{Sankar94specifyingand,
	author = {Sriram Sankar and Roger Hayes and Sriram Sankar and Roger Hayes},
	title = {Specifying and testing software components using ADL},
	year = {1994}
	}
@MISC{Peters95generatinga,
	author = {Dennis Peters},
	title = {Generating A Test Oracle From Program Documentation},
	year = {1995}
	}

@TECHREPORT{Cheon04thejml,
	author = {Yoonsik Cheon and Yoonsik Cheon and Gary T. Leavens and Gary T. Leavens},
	title = {The JML and JUnit Way of Unit Testing and its Implementation},
	year = {2004}
	}

@MISC{Burdy03anoverview,
	author = {Lilian Burdy and Yoonsik Cheon and David Cok and Michael D. Ernst and Joe Kiniry and Gary T. Leavens and K. Rustan M. Leino and Erik Poll},
	title = {An Overview of JML Tools and Applications},
	year = {2003}
	}

@INPROCEEDINGS{Boyapati02korat:automated,
	author = {Chandrasekhar Boyapati and Sarfraz Khurshid and Darko Marinov},
	title = {Korat: Automated testing based on Java predicates},
	booktitle = {IN PROC. INTERNATIONAL SYMPOSIUM ON SOFTWARE TESTING AND ANALYSIS (ISSTA)},
	year = {2002},
	pages = {123--133},
	publisher = {ACM Press}
	}

@INPROCEEDINGS{tal:syntax-based,
	author = "Oded Tal and Scott Knight and Tom Dean",
	TITLE = "Syntax-based Vulnerability Testing of Frame-based Network Protocols.",
	booktitle = "PST'04",
	PAGES = {155-160},
	YEAR = {2004}  }

@book{kaksonen2001functional,
	title={A functional method for assessing protocol implementation security},
	author={Kaksonen, R. and Valtion teknillinen tutkimuskeskus},
	isbn={9789513858742},
	series={VTT publications},
	url={http://books.google.com/books?id=KDA-OAAACAAJ},
	year={2001},
	publisher={Technical Research Centre of Finland}
}

@article{1994-burgess,
	author={C. J. Burgess},
	title={The Automated Generation of Test Cases for Compilers},
	journal={Sofwtware testing, Verification and Reliability},
	ISSN={0960-0833},
	volume={4},
	number={2},
	pages={81--99},
	month={June},
	year={1994},
	abstract={The testing of a compiler is a difficult process, since often a very high quality product is expected by the user, particularly with respect to the compiler's correctness. This paper seeks to review the main methods that have been proposed for the automation of part of this process, using the automatic generation of test cases and the automatic checking of the results. It then summarises the advantages and disadvantages of the general approach and highlights several areas for further research.},
	abstract-url={http://www.cs.bris.ac.uk/Publications/pub_master.jsp?id=1000048},
	keyword={},
	pubtype={101}
}

@article{Burgess_Saidi_1996,
	title={The automatic generation of test cases for optimizing Fortran compilers},
	volume={38},
	url={http://www.sciencedirect.com/science/article/B6V0B-3VTJJXM-C/2/95f918227d5e986030046c3afebd9eb9},
	number={2},
	journal={Information and Software Technology},
	author={Burgess, C J and Saidi, M},
	year={1996},
	pages={111--119}
}

@ARTICLE{Tillmann06unittests,
	author = {Nikolai Tillmann and Wolfram Schulte},
	title = {Unit tests reloaded: Parameterized unit testing with symbolic execution},
	journal = {IEEE Software},
	year = {2006},
	volume = {23},
	pages = {2006}
	}
@inproceedings{Tillmann:2008:PWB:1792786.1792798,
	author = {Tillmann, Nikolai and De Halleux, Jonathan},
	title = {Pex: white box test generation for .NET},
	booktitle = {Proceedings of the 2nd international conference on Tests and proofs},
	series = {TAP'08},
	year = {2008},
	isbn = {3-540-79123-X, 978-3-540-79123-2},
	pages = {134--153},
	url = {http://dl.acm.org/citation.cfm?id=1792786.1792798},
	publisher = {Springer-Verlag},
	address = {Berlin, Heidelberg},
	} 

@inproceedings{Daniel:2007:ATR:1287624.1287651,
	author = {Daniel, Brett and Dig, Danny and Garcia, Kely and Marinov, Darko},
	title = {Automated testing of refactoring engines},
	booktitle = {Proceedings of the the 6th joint meeting of the European software engineering conference and the ACM SIGSOFT symposium on The foundations of software engineering},
	series = {ESEC-FSE '07},
	year = {2007},
	isbn = {978-1-59593-811-4},
	location = {Dubrovnik, Croatia},
	pages = {185--194},
	numpages = {10},
	url = {http://doi.acm.org/10.1145/1287624.1287651},
	doi = {http://doi.acm.org/10.1145/1287624.1287651},
	acmid = {1287651},
	publisher = {ACM},
	address = {New York, NY, USA},
	keywords = {automated testing, bounded-exhaustive testing, imperative generators, refactoring engines, test data generation},
	}

@INPROCEEDINGS{Aichernig99automatedblack-box,
	author = {Bernhard K. Aichernig},
	title = {Automated black-box testing with abstract VDM oracles},
	booktitle = {Computer Safety, Reliability and Security: proceedings of the 18th International Conference, SAFECOMP'99},
	year = {1999},
	pages = {250--259},
	publisher = {Springer}
	}

@ARTICLE{DeMillo91constraint-basedautomatic,
	author = {Richard A. DeMillo and A. Jefferson Offutt},
	title = {Constraint-Based Automatic Test Data Generation},
	journal = {IEEE TRANSACTIONS ON SOFTWARE ENGINEERING},
	year = {1991},
	volume = {17},
	number = {9},
	pages = {900--910}
	}

@INPROCEEDINGS{Williams05pathcrawler:automatic,
	author = {Nicky Williams and Bruno Marre and Patricia Mouy and Muriel Roger},
	title = {PathCrawler: automatic generation of path tests by combining static and dynamic analysis},
	booktitle = {In: Proc. European Dependable Computing Conference. Volume 3463 of LNCS (2005) 281–292},
	year = {2005},
	pages = {281--292},
	publisher = {Springer. ISBN}
	}

@INPROCEEDINGS{Xie03mutuallyenhancing,
	author = {Tao Xie and David Notkin},
	title = {Mutually enhancing test generation and specification inference},
	booktitle = {In Proc. 3rd International Workshop on Formal Approaches to Testing of Software, volume 2931 of LNCS},
	year = {2003},
	pages = {60--69}
	}

@MISC{Benattou02generatingtest,
	author = {Mohammed Benattou and Jean-Michel Bruel and Nabil Hameurlain},
	title = {Generating Test Data from OCL Specification},
	year = {2002}
	}

@phdthesis{moy,
	author = {Yannick Moy},
	title = {Automatic Modular Static Safety Checking for C Programs.},
	school={Université Paris-Sud},
	year = {2009}
}
@manual{1A,
	address = {ESA ESTEC, P.O. Box 299, 2200 AG Noordwijk, The Netherlands},
	publisher = {ESA Requirements and Standards Division},
	AUTHOR = {European Cooperation For Space Standardization},
	TITLE = {ECSS-E-TM-40-07 Volume 1A - Simulation modelling platform - Volume 1: Principles and requirements},
	month = {January},
	year = {2011},
	url = {http://www.ecss.nl/forums/ecss/dispatch.cgi/publications/showFile/100185/d20110126145420/No/ECSS-E-TM-40-07-Volume1A(25January2011).pdf}
}
@manual{2A,
	address = {ESA ESTEC, P.O. Box 299, 2200 AG Noordwijk, The Netherlands},
	publisher = {ESA Requirements and Standards Division},
	AUTHOR = {European Cooperation For Space Standardization},
	TITLE = {ECSS-E-TM-40-07 Volume 2A - Simulation modelling platform - Volume 2: Metamodel},
	month = {January},
	year = {2011},
	url = {http://www.ecss.nl/forums/ecss/dispatch.cgi/publications/showFile/100186/d20110126145536/No/ECSS-E-TM-40-07-Volume2A(25January2011).pdf}
}
@manual{3A,
	address = {ESA ESTEC, P.O. Box 299, 2200 AG Noordwijk, The Netherlands},
	publisher = {ESA Requirements and Standards Division},
	AUTHOR = {European Cooperation For Space Standardization},
	TITLE = {ECSS-E-TM-40-07 Volume 3A - Simulation modelling platform - Volume 3: Component model},
	month = {January},
	year = {2011},
	url = {http://www.ecss.nl/forums/ecss/dispatch.cgi/publications/showFile/100187/d20110126141732/No/ECSS-E-TM-40-07-Volume3A(25Janaury2011).pdf}
}
@manual{4A,
	address = {ESA ESTEC, P.O. Box 299, 2200 AG Noordwijk, The Netherlands},
	publisher = {ESA Requirements and Standards Division},
	AUTHOR = {European Cooperation For Space Standardization},
	TITLE = {ECSS-E-TM-40-07 Volume 4A - Simulation modelling platform - Volume 4: C++ Mapping},
	month = {January},
	year = {2011},
	url = {http://www.ecss.nl/forums/ecss/dispatch.cgi/publications/showFile/100188/d20110126143232/No/ECSS-E-TM-40-07-Volume4A(25January2011).pdf}
}
@manual{5A,
	address = {ESA ESTEC, P.O. Box 299, 2200 AG Noordwijk, The Netherlands},
	publisher = {ESA Requirements and Standards Division},
	AUTHOR = {European Cooperation For Space Standardization},
	TITLE = {ECSS-E-TM-40-07 Volume 5A - Simulation modelling platform - Volume 5: SMP usage},
	month = {January},
	year = {2011},
	url = {http://www.ecss.nl/forums/ecss/dispatch.cgi/publications/showFile/100189/d20110126162756/No/ECSS-E-TM-40-07-Volume5A(25January2011).pdf}
}
@inproceedings{Claessen:2000:QLT:351240.351266,
	author = {Claessen, Koen and Hughes, John},
	title = {QuickCheck: a lightweight tool for random testing of Haskell programs},
	booktitle = {Proceedings of the fifth ACM SIGPLAN international conference on Functional programming},
	series = {ICFP '00},
	year = {2000},
	isbn = {1-58113-202-6},
	pages = {268--279},
	url = {http://doi.acm.org/10.1145/351240.351266},
	publisher = {ACM},
	address = {New York, NY, USA},
	} 
@article{Claessen:2000:QLT:357766.351266,
	author = {Claessen, Koen and Hughes, John},
	title = {QuickCheck: a lightweight tool for random testing of Haskell programs},
	journal = {SIGPLAN Not.},
	volume = {35},
	number = {9},
	month = sep,
	year = {2000},
	issn = {0362-1340},
	pages = {268--279},
	numpages = {12},
	url = {http://doi.acm.org/10.1145/357766.351266},
	doi = {10.1145/357766.351266},
	acmid = {351266},
	publisher = {ACM},
	address = {New York, NY, USA},
}

@manual{ecss-e-st-40c,
	address = {ESA ESTEC, P.O. Box 299, 2200 AG Noordwijk, The Netherlands},
	publisher = {ESA Requirements and Standards Division},
	AUTHOR = {European Cooperation For Space Standardization},
	TITLE = {ECSS-E-ST-40C Space Engineering---Software},
	month = {March},
	year = {2009},
	url = {http://wwwis.win.tue.nl/2M390/doc/ECSS-E-ST-40C(6March2009).pdf}
}

@manual{ecss-q-st-80c,
	address = {ESA ESTEC, P.O. Box 299, 2200 AG Noordwijk, The Netherlands},
	publisher = {ESA Requirements and Standards Division},
	AUTHOR = {European Cooperation For Space Standardization},
	TITLE = {ECSS-Q-ST-80C Space Product Assurance --- Software Product Assurance},
	month = {March},
	year = {2009},
	url = {http://www.nada.kth.se/~karlm/mvk/ECSS-Q-ST-80C-6March2009.pdf}
}

@manual{ecss-q-st-40c,
	address = {ESA ESTEC, P.O. Box 299, 2200 AG Noordwijk, The Netherlands},
	publisher = {ESA Requirements and Standards Division},
	AUTHOR = {European Cooperation For Space Standardization},
	TITLE = {ECSS-S-ST-40C ECSS System --- Space product assurance - Safety},
	month = {March},
	year = {2009},
	url = {http://www.czechspace.cz/en/system/files/ECSS-Q-ST-40C(6March2009).pdf}
}

@manual{ecss-q-st-30c,
	address = {ESA ESTEC, P.O. Box 299, 2200 AG Noordwijk, The Netherlands},
	publisher = {ESA Requirements and Standards Division},
	AUTHOR = {European Cooperation For Space Standardization},
	TITLE = {ECSS-S-ST-30C ECSS System --- Space product assurance - Dependability},
	month = {March},
	year = {2009},
	url = {http://www.ecss.nl/forums/ecss/dispatch.cgi/standards/showFile/100745/d20100423122052/No/ECSS-Q-ST-30C(6March2009).pdf}
}

@manual{ecss-s-st-00c,
	address = {ESA ESTEC, P.O. Box 299, 2200 AG Noordwijk, The Netherlands},
	publisher = {ESA Requirements and Standards Division},
	AUTHOR = {European Cooperation For Space Standardization},
	TITLE = {ECSS-S-ST-00C ECSS System --- Description, implementation and general requirements},
	month = {July},
	year = {2008},
	url = {http://www.ecss.nl/forums/ecss/dispatch.cgi/standards/showFile/100605/d20081111140632/No/ECSS-S-ST-00C(31July2008).pdf}
}

@MISC{Martin_whitepaper,
	author = {J. Martin and D. Verrier},
	title = {white paper The Mars Express Simulator},
	year = {2004}
}

@manual{esa-bulletin-90,
	author = {M Jones and C Mazza and U Mortensen and A Scheffer},
	title = {Twenty years of Software Engineering Standardisation in ESA},
	year = {1997},
	month = {May},
	publisher = {ESA Bulletin 90}
}

@manual{pss-05-0,
	author = {European Space Agency},
	title = {ESA PSS-05-0 ISSUE 2: ESA Software Engineering Standards},
	year = {1991},
	publisher = {European Space Agency}
}

@INPROCEEDINGS{1996ESASP.394..399L,
	author = {{Lugbauer}, A. and {Tarter}, P.},
	title = "{Integration of Operational Hardware TEST Tools in ESA's Generic Satellite Simulation Infrastructure Simsat}",
	booktitle = {Space Mission Operations and Ground Data Systems - SpaceOps '96},
	year = 1996,
	series = {ESA Special Publication},
	volume = 394,
	editor = {{Guyenne}, T.-D.},
	month = nov,
	pages = {399},
	adsurl = {http://adsabs.harvard.edu/abs/1996ESASP.394..399L},
	adsnote = {Provided by the SAO/NASA Astrophysics Data System}
}

@MISC{Zwartjes05anagile,
	author = {Gertjan Zwartjes and Joost Van Geffen},
	title = {An Agile Approach Supported by a Tool Environment for the Development of Software Components},
	year = {2005}
}

@article{10.1109/SESS.1997.595952,
	author = {M. Jones and U.K. Mortensen and J. Fairclough},
	title = {The ESA Software Engineering Standards: Past, Present and Future},
	journal ={Software Engineering Standards, International Symposium on},
	volume = {0},
	issn = {1082-3670},
	year = {1997},
	pages = {119},
	doi = {http://doi.ieeecomputersociety.org/10.1109/SESS.1997.595952},
	publisher = {IEEE Computer Society},
	address = {Los Alamitos, CA, USA},
}

@InProceedings{Ahmad2010AgileECSS,
	author =    "E. Ahmad and B. Raza and R. Feldt and T. Nordebäck",
	title =     "ECSS Standard Compliant Agile Software Development - An Industrial Case Study",
	year =      "2010",
	booktitle = "In Proceedings of the National Conference for Software Engineering (NSEC 2010)",
	pages =     "",
	keywords =  "Software development; Dependability; Agile development; Empirical study; Standards",
	url =       "http://www.cse.chalmers.se/~feldt/publications/ahmad_2010_nsec.html",
}

@InProceedings{Mattiello-FranciscoSanAmbJogCos:2007:BrSoIn,
	author = "Mattiello-Francisco, Maria de F{\'a}tima and Santiago, Valdivino and Ambrosio, Ana Maria and Jogaib, Leise and Costa, Ricardo",
	title = "A Brazilian software industry experience in using ECSS for space application software development",
	year = "2007",
	editor = "Loureiro, Geilson and Curran, Ricky",
	pages = "163--170",
	organization = "ISPE International Conference on Concurrent Engineering, 14. (CE 2007)",
	publisher = "Springer",
	address = "S{\~a}o Jos{\'e} dos Campos",
	keywords = "software project standard, space mission, project lifecycle, independent verification and validation.",
	isbn = "978-1-84628-975-0",
	url = "http://urlib.net/dpi.inpe.br/ce@80/2007/01.22.21.04.48",
	type = "Software Engineering and Simulation"
}

@book{avionics,
	title={The Avionics Handbook},
	author={Spitzer, C.R.},
	isbn={9780849383489},
	lccn={00048637},
	series={Electrical Engineering Handbook Series},
	url={http://books.google.pt/books?id=A69m3ADmHGkC},
	year={2001},
	publisher={CRC Press}
}

@article{ccoverage,
	author = {Steve Cornett},
	journal = {Bullseye Testing Technology},
	title = {{Code Coverage Analysis}},
	url = {http://www.bullseye.com/coverage.html},
	year = {2002}
}

@article{mcdc,
	author = {Chilenski, J. J. and Miller, S. P.},
	booktitle = {Software Engineering Journal},
	journal = {Software Engineering Journal},
	keywords = {coverage, testing},
	number = {5},
	pages = {193--200},
	title = {{Applicability of modified condition/decision coverage to software testing}},
	url = {http://ieeexplore.ieee.org/xpls/abs\_all.jsp?arnumber=329068},
	volume = {9},
	year = {1994}
}

@INPROCEEDINGS{Marick99,
	author = {Brian Marick},
	title = {How to Misuse Code Coverage},
	booktitle = {Proceedings of the 16th Interational Conference on Testing Computer Software},
	year = {1999},
	pages = {16--18}
}

@book{ed-12b,
	address = {Paris, France},
	month = dec,
	publisher = {European Organisation for Civil Aviation Equipment (EUROCAE)},
	title = {{EUROCAE ED-12B Software Considerations in Airborne Systems and Equipment Certification}},
	year = {1992}
}

@book{ed-12c,
	address = {Paris, France},
	month = jan,
	publisher = {European Organisation for Civil Aviation Equipment (EUROCAE)},
	title = {{EUROCAE ED-12C Software Considerations in Airborne Systems and Equipment Certification}},
	year = {2012}
}

@inproceedings{Elliott:2010:OSC:1869542.1869558,
	author = {Elliott, Michael R. and Heller, Peter},
	title = {Object-oriented software considerations in airborne systems and equipment certification},
	booktitle = {Proceedings of the ACM international conference companion on Object oriented programming systems languages and applications companion},
	series = {SPLASH '10},
	year = {2010},
	isbn = {978-1-4503-0240-1},
	location = {Reno/Tahoe, Nevada, USA},
	pages = {85--96},
	numpages = {12},
	url = {http://doi.acm.org/10.1145/1869542.1869558},
	doi = {10.1145/1869542.1869558},
	acmid = {1869558},
	publisher = {ACM},
	address = {New York, NY, USA},
	keywords = {DO-178, DO-178B, DO-178C, ED-12B, ED-12C, airborne software certification, safety-critical software, standards development},
}

@inproceedings{Brosgol:2011:DNA:2070337.2070341,
	author = {Brosgol, Benjamin},
	title = {Do-178c: the next avionics safety standard},
	booktitle = {Proceedings of the 2011 ACM annual international conference on Special interest group on the ada programming language},
	series = {SIGAda '11},
	year = {2011},
	isbn = {978-1-4503-1028-4},
	location = {Denver, Colorado, USA},
	pages = {5--6},
	numpages = {2},
	url = {http://doi.acm.org/10.1145/2070337.2070341},
	doi = {10.1145/2070337.2070341},
	acmid = {2070341},
	publisher = {ACM},
	address = {New York, NY, USA},
	keywords = {do-178b, do-178c, object-oriented technologies, safety certification},
}

@inproceedings{Chelini:2009:WTD:1647420.1647443,
	author = {Chelini, James},
	title = {Working towards DO-178C/ED-12C, DO-248C/ED-94C, and DO-278A/ED109A},
	booktitle = {Proceedings of the ACM SIGAda annual international conference on Ada and related technologies},
	series = {SIGAda '09},
	year = {2009},
	isbn = {978-1-60558-475-1},
	location = {Saint Petersburg, Florida, USA},
	pages = {103--104},
	numpages = {2},
	url = {http://doi.acm.org/10.1145/1647420.1647443},
	doi = {10.1145/1647420.1647443},
	acmid = {1647443},
	publisher = {ACM},
	address = {New York, NY, USA},
	keywords = {Ada, airplane, certification, computing, do-178b, do-178c/ed-12c, do-248b/ed-94b, do-278, embedded, formal methods, ground-based, interfacing, languages, object-oriented, programming, real-time, software, systems},
}

@book{Myers:2004:AST:983238,
	author = {Myers, Glenford J. and Sandler, Corey},
	title = {The Art of Software Testing},
	year = {2004},
	isbn = {0471469122},
	publisher = {John Wiley \& Sons},
}

@Inproceedings{dicsbuchs06,
	author = {Buchs, Didier and Pedro, Luis and Lucio, Levi},
	title = {Formal Test Generation From UML Models},
	year = {2006},
	booktitle = {Dependable Systems: Software, Computing, Networks: Research Results  of the DICS Program},
	pages = {145-171},
	publisher = {Springer-Verlag New York, Inc.},
	address = {Secaucus, NJ, USA}
}

@book{struct-analy,
	address = {Upper Saddle River, NJ, USA},
	author = {DeMarco, Tom},
	isbn = {0138543801},
	keywords = {imported},
	publisher = {Prentice Hall PTR},
	title = {Structured Analysis and System Specification},
	url = {http://portal.acm.org/citation.cfm?id=1102012},
	year = 1979
}

@book{citeulike:453686,
	author = {Pressman, Roger S.},
	howpublished = {Hardcover},
	isbn = {007301933X},
	publisher = {McGraw-Hill},
	title = {{Software Engineering: A Practitioner's Approach}},
	year = {2006}
}

@INPROCEEDINGS{conrad:graph,
	AUTHOR = "Mirko Conrad and Heiko Dörr and Ingo Stürmer and Andy Schürr",
	TITLE = "Graph Transformations for Model-based Testing",
	BOOKTITLE = "Modellierung'02",
	PAGES = {39-50},
	YEAR = {2002}, 
}

@INPROCEEDINGS{Bertolino04towardsanti-model-based,
	author = {Antonia Bertolino and Andrea Polini and Paola Inverardi and Henry Muccini},
	title = {Towards anti-model-based testing},
	booktitle = {In Proc. DSN 2004 (Ext. abstract},
	year = {2004},
	pages = {124--125}
}

@MISC{Lindholm06model-basedtesting,
	author = {Joonas Lindholm},
	title = {Model-based testing},
	year = {2006}
}

@Article{Simula.SE.30,
	author = {Briand, Lionel Claude and Labiche, Y},
	title = {A UML-based Approach to System Testing},
	year = {2002},
	journal = {Journal of Software and Systems Modeling},
	volume = {1},
	number = {1}
}

@inproceedings{Legeard:2002:ABT:647541.730142,
	author = {Legeard, Bruno and Peureux, Fabien and Utting, Mark},
	title = {Automated Boundary Testing from Z and B},
	booktitle = {Proceedings of the International Symposium of Formal Methods Europe on Formal Methods - Getting IT Right},
	series = {FME '02},
	year = {2002},
	isbn = {3-540-43928-5},
	pages = {21--40},
	numpages = {20},
	url = {http://dl.acm.org/citation.cfm?id=647541.730142},
	acmid = {730142},
	publisher = {Springer-Verlag},
	address = {London, UK, UK},
	keywords = {B method, Z notation, boundary values, set constraint solving, specification-based testing},
}

@article{Bernard:2004:GTS:1134155.1134156,
	author = {Bernard, Eddy and Legeard, Bruno and Luck, Xavier and Peureux, Fabien},
	title = {Generation of test sequences from formal specifications: GSM 11-11 standard case study},
	journal = {Softw. Pract. Exper.},
	issue_date = {August 2004},
	volume = {34},
	number = {10},
	month = aug,
	year = {2004},
	issn = {0038-0644},
	pages = {915--948},
	numpages = {34},
	url = {http://dx.doi.org/10.1002/spe.597},
	doi = {10.1002/spe.597},
	acmid = {1134156},
	publisher = {John Wiley \& Sons, Inc.},
	address = {New York, NY, USA},
	keywords = {B notation, constraint logic programming with sets, smart card GSM 11-11 standard, specification-based testing},
}

@book{dustin2002effective,
  title={Effective Software Testing: 50 Specific Ways to Improve Your Testing},
  author={Dustin, E.},
  isbn={9780201794298},
  lccn={2002014338},
  url={http://books.google.pt/books?id=K0qWBUOAf6IC},
  year={2002},
  publisher={Addison-Wesley}
}

@book{Hunt:2003:PUT:1197403,
	author = {Hunt, Andrew and Thomas, David},
	title = {Pragmatic Unit Testing in Java with JUnit},
	year = {2003},
	isbn = {0974514012},
	publisher = {The Pragmatic Programmers}
}

@book{Patton:2000:ST:517489,
	author = {Patton, Ron},
	title = {Software Testing},
	year = {2005},
	isbn = {0672319837},
	publisher = {Sams},
	address = {Indianapolis, IN, USA},
}

@inproceedings{Gokhale:2005:DCC:1090955.1092172,
	author = {Gokhale, Swapna S. and Mullen, Robert E.},
	title = {Dynamic Code Coverage Metrics: A Lognormal Perspective},
	booktitle = {Proceedings of the 11th IEEE International Software Metrics Symposium},
	series = {METRICS '05},
	year = {2005},
	isbn = {0-7695-2371-4},
	pages = {33--},
	url = {http://dx.doi.org/10.1109/METRICS.2005.17},
	doi = {10.1109/METRICS.2005.17},
	acmid = {1092172},
	publisher = {IEEE Computer Society},
	address = {Washington, DC, USA},
	keywords = {Code Coverage, Coverage types, Software Test, Software Reliability Growth, Lognormal},
}

@article{Agrawal:1999:ECT:381788.316166,
	author = {Agrawal, Hira},
	title = {Efficient coverage testing using global dominator graphs},
	journal = {SIGSOFT Softw. Eng. Notes},
	issue_date = {Sept. 1999},
	volume = {24},
	number = {5},
	month = sep,
	year = {1999},
	issn = {0163-5948},
	pages = {11--20},
	numpages = {10},
	url = {http://doi.acm.org/10.1145/381788.316166},
	doi = {10.1145/381788.316166},
	acmid = {316166},
	publisher = {ACM},
	address = {New York, NY, USA},
} 

@inproceedings{Piwowarski:1993:CME:257572.257635,
	author = {Piwowarski, Paul and Ohba, Mitsuru and Caruso, Joe},
	title = {Coverage measurement experience during function test},
	booktitle = {Proceedings of the 15th international conference on Software Engineering},
	series = {ICSE '93},
	year = {1993},
	isbn = {0-89791-588-7},
	location = {Baltimore, Maryland, United States},
	pages = {287--301},
	numpages = {15},
	url = {http://dl.acm.org/citation.cfm?id=257572.257635},
	acmid = {257635},
	publisher = {IEEE Computer Society Press},
	address = {Los Alamitos, CA, USA},
}

@article{Miller:1963:SMA:366246.366248,
	author = {Miller, Joan C. and Maloney, Clifford J.},
	title = {Systematic mistake analysis of digital computer programs},
	journal = {Commun. ACM},
	issue_date = {Feb. 1963},
	volume = {6},
	number = {2},
	month = feb,
	year = {1963},
	issn = {0001-0782},
	pages = {58--63},
	numpages = {6},
	url = {http://doi.acm.org/10.1145/366246.366248},
	doi = {10.1145/366246.366248},
	acmid = {366248},
	publisher = {ACM},
	address = {New York, NY, USA}
}

@article{reliable,
	author = {Girard, E. and J.-C. Rault},
	title = {A Programming Technique for Software Reliability},
	journal = {IEEE Symp. Computer Software Reliability},
	issue_date = {Feb. 1963},
	year = {1973},
	pages = {44--50},
}

% Ulisses's papers
@InProceedings{costa_et_al:OASIcs:2012:3523,
	author =	{Ulisses Ara{\'u}jo Costa and Daniela da Cruz and Pedro Rangel Henriques},
	title =	{{Automatic Test Generation For Space}},
	booktitle =	{1st Symposium on Languages, Applications and Technologies},
	pages =	{185--203},
	series = {OpenAccess Series in Informatics (OASIcs)},
	ISBN = {978-3-939897-40-8},
	ISSN = {2190-6807},
	year = {2012},
	volume = {21},
	editor = {Alberto Sim{\~o}es and Ricardo Queir{\'o}s and Daniela da Cruz},
	publisher =	{Schloss Dagstuhl--Leibniz-Zentrum fuer Informatik},
	address = {Dagstuhl, Germany},
	URL	= {http://drops.dagstuhl.de/opus/volltexte/2012/3523},
	URN = {urn:nbn:de:0030-drops-35234},
	doi = {http://dx.doi.org/10.4230/OASIcs.SLATE.2012.185},
	annote = {Keywords: Automatic Test Generation, UML/OCL, White-box testing, Black-box testing}
}
